@InProceedings{ja-rk,
author="Szewczyk, Roman",
editor="Szewczyk, Roman
and Zieli{\'{n}}ski, Cezary
and Kaliczy{\'{n}}ska, Ma{\l}gorzata",
title="Computational Problems Connected with Jiles-Atherton Model of Magnetic Hysteresis",
booktitle="Recent Advances in Automation, Robotics and Measuring Techniques",
year="2014",
publisher="Springer International Publishing",
address="Cham",
pages="275--283",
abstract="Paper presents the most important problems connected with Jiles-Atherton model of magnetic B(H) hysteresis. These problems are mainly caused by accuracy of numerical integration as well as methods of solving the ordinary differential equations. Paper presents comparison of accuracy of calculation with MATLAB and OCTAVE for both Windows 7 and Scientific Linux 6.3. Moreover, the analyse of time efficiency is presented. On the base of numerical errors analyses and benchmarking, the guidelines for calculation of Jiles-Atherton model are given.",
isbn="978-3-319-05353-0"
}


@book{abramowitz,
    author    = {Abramowitz, M. and Stegun, I. A.},
    title     = "Handbook of Mathematical Functions",
    publisher = "National Bureau of Standards",
    volume   = {55},
    %number   = "",
    series   = {Applied Mathematics Series},
    %address  = "",
    %edition  = "",
    year      = {1964},
    month    = {6},
    %note     = "",
  	isbn={9781614276173}
}

@article{sadowski, 
author={N. Sadowski and N. J. Batistela and J. P. A. Bastos and M. Lajoie-Mazenc}, 
journal={IEEE Transactions on Magnetics}, 
title={An inverse Jiles-Atherton model to take into account hysteresis in time-stepping finite-element calculations}, 
year={2002}, 
volume={38}, 
number={2}, 
pages={797-800}, 
keywords={electromagnetic induction;finite element analysis;inverse problems;magnetic hysteresis;Epstein's frame;differential reluctivity;field calculation procedure;hysteresis;independent variable;inverse Jiles-Atherton model;magnetic induction;magnetic vector potential formulation;time-stepping finite-element calculations;Computational modeling;Differential equations;Finite element methods;Inverse problems;Iron;Magnetic field measurement;Magnetic fields;Magnetic hysteresis;Magnetic losses;Saturation magnetization}, 
doi={10.1109/20.996206}, 
ISSN={0018-9464}, 
month={Mar},}

@article{Bergqvist, 
author={A. J. Bergqvist}, 
journal={IEEE Transactions on Magnetics}, 
title={A simple vector generalization of the Jiles-Atherton model of hysteresis}, 
year={1996}, 
volume={32}, 
number={5}, 
pages={4213-4215}, 
keywords={differential equations;ferromagnetism;magnetic hysteresis;magnetisation;modelling;vectors;DC magnetization;Jiles-Atherton model;anisotropic case;differential equation;ferromagnetic hysteresis;isotropic case;rotational hysteresis;rotational loss;vector generalization;vector hysteresis;vector magnetic field;vector magnetization;Anisotropic magnetoresistance;Differential equations;Helium;Magnetic domain walls;Magnetic fields;Magnetic hysteresis;Magnetization;Power engineering and energy;Rotating machines;Steel}, 
doi={10.1109/20.539337}, 
ISSN={0018-9464}, 
month={Sep},}